@ARTICLE{zenke2018superspike,
  title={Superspike: Supervised learning in multilayer spiking neural networks},
  author={Zenke, Friedemann and Ganguli, Surya},
  journal={Neural computation},
  volume={30},
  number={6},
  pages={1514--1541},
  year={2018},
  publisher={MIT Press}
}

@inproceedings{limitedprecisionpaper,
	title={Deep learning with limited numerical precision},
	author={Gupta, Suyog and Agrawal, Ankur and Gopalakrishnan, Kailash and Narayanan, Pritish},
	booktitle={International Conference on Machine Learning},
	pages={1737--1746},
	year={2015}
}



@ARTICLE{brunel2000dynamics,
	title={Dynamics of sparsely connected networks of excitatory and inhibitory spiking neurons},
	author={Brunel, Nicolas},
	journal={Journal of computational neuroscience},
	volume={8},
	number={3},
	pages={183--208},
	year={2000},
	publisher={Springer}
}

@article{marsaglia2003xorshift,
	title={Xorshift rngs},
	author={Marsaglia, George and others},
	journal={Journal of Statistical Software},
	volume={8},
	number={14},
	pages={1--6},
	year={2003}
}


@book{binarysearchsource,
	author={MacMahon, Percy Alexander},
	title={Combinatory analysis},
	subtitle={volumes 1, 2 bound in one volume},
	edition={Repr.},
	publisher={Chelsea Publ.},
	address={New York},
	year={1960},
	pages={Getr. Z{\"a}hlung},
	language={eng},
	note={Repr. d. Ausg. Cambridge Univ.-Pr., 1915 - 1916},
	keywords={Kombinatorik},
	library={MA [Signatur: Macma::1-2]},
}
